<?xml version="1.0" encoding="UTF-8"?><collection xmlns="http://www.loc.gov/MARC21/slim"><record><leader>00533nam--2200205-u-4500</leader><controlfield tag="001">000054476</controlfield><controlfield tag="002">20161230</controlfield><controlfield tag="005">20161230201051</controlfield><controlfield tag="008">120109s1000------------r-----000-0-rus-d</controlfield><datafield ind1=" " ind2=" " tag="040"><subfield code="a">IFIN-HH</subfield></datafield><datafield ind1=" " ind2=" " tag="041"><subfield code="a">ruS</subfield></datafield><datafield ind1=" " ind2=" " tag="080"><subfield code="a">539.12:539.12.172</subfield></datafield><datafield ind1="1" ind2=" " tag="100"><subfield code="a">Bullough, R.K</subfield></datafield><datafield ind1="1" ind2="0" tag="245"><subfield code="a">Solitoni</subfield><subfield code="c">R.k. bullough, p.j. caudrey (eds.)</subfield></datafield><datafield ind1=" " ind2=" " tag="260"><subfield code="a">Moskva</subfield><subfield code="b">Mir</subfield><subfield code="c">1983</subfield></datafield><datafield ind1=" " ind2=" " tag="300"><subfield code="a">408P</subfield></datafield><datafield ind1=" " ind2=" " tag="500"><subfield code="a">Titlul Original In Limba Engleza: Solitons</subfield></datafield><datafield ind1="1" ind2=" " tag="700"><subfield code="a">Caudrey, P.J</subfield><subfield code="e">Ed</subfield></datafield><datafield ind1=" " ind2=" " tag="852"><subfield code="a">71734</subfield><subfield code="c">539.12</subfield></datafield><datafield ind1=" " ind2=" " tag="CAT"><subfield code="a">Sys</subfield><subfield code="c">20120109</subfield><subfield code="h">164904</subfield></datafield></record></collection>